=LDR  00000nam a22000003i 4500
=005  20250706220323.8
=008  250706s1970||||gw\||||||||||||||\||ger||
=033  0\$a19701128
=040  \\$aUkOxU$beng$erda$cUkOxU
=245  00$aChina, Japan, Siam, Indien, Persien, Amerika, Afrika :$bAuktion 176 - am 28. November 1970.
=264  \1$aHamburg :$bDr. Ernst Hauswedell,$c[1970?]
=300  \\$a31 pages ;$c24 cm
=336  \\$atext$2rdacontent
=337  \\$aunmediated$2rdamedia
=338  \\$avolume$2rdacarrier
=876  \\$p309046877
=904  \\$aOxford Local Record

