=LDR  00000nam a22000003i 4500
=005  20250706220323.8
=008  250706s1969||||gw\||||||||||||||\||ger||
=033  0\$a19691122
=040  \\$aUkOxU$beng$erda$cUkOxU
=245  00$aAfrika, Südsee, Mexiko, Ecuador, Peru :$bAuktion 169 - am 22. November 1969.
=264  \1$aHamburg :$bDr. Ernst Hauswedell,$c[1969?]
=300  \\$a32 pages ;$c24 cm
=336  \\$atext$2rdacontent
=337  \\$aunmediated$2rdamedia
=338  \\$avolume$2rdacarrier
=876  \\$p309046881
=904  \\$aOxford Local Record

