=LDR  00000nam a22000003i 4500
=005  20250706220323.8
=008  250706s1967||||gw\||||||||||||||\||ger||
=033  0\$a19671120
=040  \\$aUkOxU$beng$erda$cUkOxU
=245  00$aChina, Japan, Tibet, Indien, Persien, Peru, Ecuador, Kolumbien, Mexiko, Afrika :$bAuktion 156 - am 20. November 1967.
=264  \1$aHamburg :$bDr. Ernst Hauswedell,$c[1967?]
=300  \\$a108 pages ;$c24 cm
=336  \\$atext$2rdacontent
=337  \\$aunmediated$2rdamedia
=338  \\$avolume$2rdacarrier
=876  \\$p309046883
=904  \\$aOxford Local Record

