=LDR  00000nam a22000003i 4500
=005  20250706220323.8
=008  250706s1966||||gw\||||||||||||||\||ger||
=033  0\$a19660611
=040  \\$aUkOxU$beng$erda$cUkOxU
=245  00$aPersien, China, Japan, Mexiko, Kolumbien, Peru :$bAuktion 147.
=264  \1$aHamburg :$bDr. Ernst Hauswedell,$c[1966?]
=300  \\$a40 pages ;$c24 cm
=336  \\$atext$2rdacontent
=337  \\$aunmediated$2rdamedia
=338  \\$avolume$2rdacarrier
=490  0\$aAntiquariatskatalog ;$v215
=876  \\$p309046885
=904  \\$aOxford Local Record

