=LDR  00000nam a22000003i 4500
=005  20250706220323.8
=008  250706s1965||||gw\||||||||||||||\||ger||
=033  0\$a19650531
=040  \\$aUkOxU$beng$erda$cUkOxU
=245  00$aJapan, China, Persien, Peru, Mexiko, Afrika :$bAuktion 139.
=264  \1$aHamburg :$bDr. Ernst Hauswedell,$c[1965?]
=300  \\$a47 pages ;$c24 cm
=336  \\$atext$2rdacontent
=337  \\$aunmediated$2rdamedia
=338  \\$avolume$2rdacarrier
=490  0\$aAntiquariatskatalog ;$v206
=876  \\$p309046886
=904  \\$aOxford Local Record

