=LDR  00000nam a22000003i 4500
=005  20250706220323.8
=008  250706s1968||||gw\||||||||||||||\||ger||
=033  0\$a19681125
=040  \\$aUkOxU$beng$erda$cUkOxU
=245  00$aChina, Japan, Tibet, Thailand, Indien, Persien, Peru :$bAuktion 163 - am 25. November 1968.
=264  \1$aHamburg :$bDr. Ernst Hauswedell,$c[1968?]
=300  \\$a49 pages ;$c24 cm
=336  \\$atext$2rdacontent
=337  \\$aunmediated$2rdamedia
=338  \\$avolume$2rdacarrier
=876  \\$p309046887
=904  \\$aOxford Local Record

