=LDR  00000nam a22000003i 4500
=005  20250706220323.8
=008  250706s1964||||gw\||||||||||||||\||ger||
=033  0\$a19641130
=040  \\$aUkOxU$beng$erda$cUkOxU
=245  00$aChina, Japan, Siam, Indien, Persien, Syrien, Peru, Mexiko :$bAuktion 136.
=264  \1$aHamburg :$bDr. Ernst Hauswedell,$c[1964?]
=300  \\$a60 pages ;$c24 cm
=336  \\$atext$2rdacontent
=337  \\$aunmediated$2rdamedia
=338  \\$avolume$2rdacarrier
=490  0\$aAntiquariatskatalog ;$v202
=876  \\$p309046888
=904  \\$aOxford Local Record

