=LDR  00000nam a22000003i 4500
=005  20250706220323.8
=008  250706s1963||||gw\||||||||||||||\||ger||
=033  0\$a19631202
=040  \\$aUkOxU$beng$erda$cUkOxU
=245  00$aPersien, Indien, China, Japan :$bAuktion 128.
=264  \1$aHamburg :$bDr. Ernst Hauswedell,$c[1963?]
=300  \\$a68 pages ;$c24 cm
=336  \\$atext$2rdacontent
=337  \\$aunmediated$2rdamedia
=338  \\$avolume$2rdacarrier
=490  0\$aAntiquariatskatalog ;$v191
=876  \\$p309046890
=904  \\$aOxford Local Record

