=LDR  00000nam a22000003i 4500
=005  20250706220323.8
=008  250706s1963||||gw\||||||||||||||\||ger||
=033  0\$a19630520
=040  \\$aUkOxU$beng$erda$cUkOxU
=245  00$aIndien, Nepal, Siam, China, Japan :$bAuktion 123.
=264  \1$aHamburg :$bDr. Ernst Hauswedell,$c[1963?]
=300  \\$a84 pages ;$c24 cm
=336  \\$atext$2rdacontent
=337  \\$aunmediated$2rdamedia
=338  \\$avolume$2rdacarrier
=490  0\$aAntiquariatskatalog ;$v183
=876  \\$p309046891
=904  \\$aOxford Local Record

