=LDR  00000nam a22000003i 4500
=005  20250706220323.8
=008  250706s1962||||gw\||||||||||||||\||ger||
=033  0\$a19620604
=040  \\$aUkOxU$beng$erda$cUkOxU
=245  00$aChina, Japan, Bronze, Keramik, Porzellan, Malerei und 450 Netsuke :$bAuktion 114.
=264  \1$aHamburg :$bDr. Ernst Hauswedell,$c[1962?]
=300  \\$a79 pages ;$c24 cm
=336  \\$atext$2rdacontent
=337  \\$aunmediated$2rdamedia
=338  \\$avolume$2rdacarrier
=490  0\$aAntiquariatskatalog ;$v172
=876  \\$p309046893
=904  \\$aOxford Local Record

