=LDR  00000nam a22000003i 4500
=005  20250706220323.8
=008  250706s1961||||gw\||||||||||||||\||ger||
=033  0\$a19611128
=040  \\$aUkOxU$beng$erda$cUkOxU
=245  00$aChina & Japan, Mexiko & Afrika, Silberschmuck Sammlung P., Textilien Sammlung Brinitzer, New York, Teil II :$bAuktion 111.
=264  \1$aHamburg :$bDr. Ernst Hauswedell,$c[1961?]
=300  \\$a95 pages ;$c24 cm
=336  \\$atext$2rdacontent
=337  \\$aunmediated$2rdamedia
=338  \\$avolume$2rdacarrier
=490  0\$aAntiquariatskatalog ;$v168
=876  \\$p309046894
=904  \\$aOxford Local Record

