=LDR  00000nam a22000003i 4500
=005  20250706220323.8
=008  250706s1961||||gw\||||||||||||||\||ger||
=033  0\$a19611127
=040  \\$aUkOxU$beng$erda$cUkOxU
=245  00$aIndien & Siam Plastik des 2.-18. Jahrhunderts Sammlung Kurt Stavenhagen, Teil II, Persische Bronzen (Luristan & Amlasch) Sammlung R. und Beiträge aus anderem Besitz :$bAuktion 110.
=264  \1$aHamburg :$bDr. Ernst Hauswedell,$c[1961?]
=300  \\$a101 pages ;$c24 cm
=336  \\$atext$2rdacontent
=337  \\$aunmediated$2rdamedia
=338  \\$avolume$2rdacarrier
=490  0\$aAntiquariatskatalog ;$v167
=876  \\$p309046895
=904  \\$aOxford Local Record

