=LDR  00000nam a22000003i 4500
=005  20250706220323.8
=008  250706s1961||||gw\||||||||||||||\||ger||
=033  0\$a19610607
=040  \\$aUkOxU$beng$erda$cUkOxU
=245  00$aIndien, Siam, Persien, China, Japan, Mexico, Peru, Afrika, Oceanien :$bAuktion 106.
=264  \1$aHamburg :$bDr. Ernst Hauswedell,$c[1961?]
=300  \\$a109 pages ;$c24 cm
=336  \\$atext$2rdacontent
=337  \\$aunmediated$2rdamedia
=338  \\$avolume$2rdacarrier
=490  0\$aAntiquariatskatalog ;$v162
=876  \\$p309046896
=904  \\$aOxford Local Record

