=LDR  00000nam a22000003i 4500
=005  20250706220323.8
=008  250706s1960||||gw\||||||||||||||\||ger||
=033  0\$a19601203
=040  \\$aUkOxU$beng$erda$cUkOxU
=245  00$aKunstwerke aus China und Japan: Die Sammlung Max Brinitzer, New York, Teil I :$bAuktion 103.
=264  \1$aHamburg :$bDr. Ernst Hauswedell,$c[1960?]
=300  \\$a72 pages ;$c24 cm
=336  \\$atext$2rdacontent
=337  \\$aunmediated$2rdamedia
=338  \\$avolume$2rdacarrier
=490  0\$aAntiquariatskatalog ;$v158
=876  \\$p309046897
=904  \\$aOxford Local Record

