=LDR  00000nam a22000003i 4500
=005  20250706220323.8
=008  250706s1960||||gw\||||||||||||||\||ger||
=033  1\$a19600516$a19600517
=040  \\$aUkOxU$beng$erda$cUkOxU
=245  00$aChina, Siam, Japan - Bronzen, Keramik, Porzellan, Lacke, Inrô, Netsuke, Malerei, Farbholzschnitte - Peru, Afrika, Südsee :$bAuktion 95.
=264  \1$aHamburg :$bDr. Ernst Hauswedell,$c[1960?]
=300  \\$aapproximately 74 pages ;$c24 cm
=336  \\$atext$2rdacontent
=337  \\$aunmediated$2rdamedia
=338  \\$avolume$2rdacarrier
=490  0\$aAntiquariatskatalog ;$v149
=876  \\$p309046898
=904  \\$aOxford Local Record

