=LDR  00000nam a22000003i 4500
=005  20250706220323.8
=008  250706s1959||||gw\||||||||||||||\||ger||
=033  0\$a19590512
=040  \\$aUkOxU$beng$erda$cUkOxU
=245  00$aBronzen, Keramik, Porzellan, Malerei & Graphik aus China, Japan,Indien, Persien, Mexiko, Peru, Afrika, Südsee :$bAuktion 87.
=264  \1$aHamburg :$bDr. Ernst Hauswedell,$c[1959?]
=300  \\$aapproximately 74 pages ;$c24 cm
=336  \\$atext$2rdacontent
=337  \\$aunmediated$2rdamedia
=338  \\$avolume$2rdacarrier
=490  0\$aAntiquariatskatalog ;$v140
=876  \\$p309046900
=904  \\$aOxford Local Record

