=LDR  00000nam a22000003i 4500
=005  20250706220323.8
=008  250706s1958||||gw\||||||||||||||\||ger||
=033  0\$a19580505
=040  \\$aUkOxU$beng$erda$cUkOxU
=245  00$aChina, Japan, Siam, Persien, Griechenland, Afrika, Südsee, Südamerika, Mexiko :$bAuktion 80.
=264  \1$aHamburg :$bDr. Ernst Hauswedell,$c[1958?]
=300  \\$a64 pages ;$c24 cm
=336  \\$atext$2rdacontent
=337  \\$aunmediated$2rdamedia
=338  \\$avolume$2rdacarrier
=490  0\$aAntiquariatskatalog ;$v133
=876  \\$p309046902
=904  \\$aOxford Local Record

