=LDR  00000nam a22000003i 4500
=005  20250706220323.8
=008  250706s1957||||gw\||||||||||||||\||ger||
=033  0\$a19571209
=040  \\$aUkOxU$beng$erda$cUkOxU
=245  00$aOstasiatische Kunst (China, Japan, Siam), Exotische Waffen, Mexikanische Kunst :$bAuktion 78.
=264  \1$aHamburg :$bDr. Ernst Hauswedell,$c[1957?]
=300  \\$aapproximately 48 pages ;$c24 cm
=336  \\$atext$2rdacontent
=337  \\$aunmediated$2rdamedia
=338  \\$avolume$2rdacarrier
=490  0\$aAntiquariatskatalog ;$v131
=876  \\$p309046903
=904  \\$aOxford Local Record

