=LDR  00000nam a22000003i 4500
=005  20250706220323.8
=008  250706s1956||||gw\||||||||||||||\||ger||
=033  0\$a19561126
=040  \\$aUkOxU$beng$erda$cUkOxU
=245  00$aDeutsche Fayencen, Ostasiatische Kunst, Altmexikanische Kunst, Antike Orient-Teppiche :$bAuktion 72.
=264  \1$aHamburg :$bDr. Ernst Hauswedell,$c[1956?]
=300  \\$a63 pages ;$c24 cm
=336  \\$atext$2rdacontent
=337  \\$aunmediated$2rdamedia
=338  \\$avolume$2rdacarrier
=490  0\$aAntiquariatskatalog ;$v124
=876  \\$p309046905
=904  \\$aOxford Local Record

